@inproceedings{yamato92hmm,
    author    = {Yamato, J. and Ohya, J. and Ishii, K.},
    title     = {Recognizing human action in time-sequential images
                    using hidden {M}arkov model},
    booktitle = {{I}nternational {C}onference on {C}omputer {V}ision
                    and {P}attern {R}ecognition ({C}{V}{P}{R})},
    year      = {1992},
    pages     = {379--385}
}

@article{prati03shadow,
    author  = {Prati, A. and Mikic, I. and Trivedi, M.M. and Cucchiara, R.},
    journal = {IEEE Transactions on Pattern Analysis and Machine
                Intelligence (PAMI)}, 
    title   = {Detecting moving shadows: algorithms and evaluation},
    year    = {2003},
    volume  = {25},
    number  = {7},
    pages   = {918--923},
    url     = {http://cvrr.ucsd.edu/aton/shadow/},
}

@article{gilmoreblack,
    author  = {Gilmore  Black},
    journal = {}, 
    title   = {The Law of Admiralty,ยง2- 11 ()},
    year    = {1957},
    volume  = {25},
    number  = {7},
    pages   = {918--923},
    url     = {http://cvrr.ucsd.edu/aton/shadow/},
}

@article{,
    author  = {Gilmore  Black},
    journal = {}, 
    title   = {},
    year    = {1960},
    volume  = {25},
    number  = {7},
    pages   = {918--923},
    url     = {http://cvrr.ucsd.edu/aton/shadow/},
}

@inproceedings{marineInsuranceAct55,
    author    = {},
    title     = {Marine Insurance Act},
    booktitle = {Marine Insurance Act},
    year      = {1906},
    pages     = {section 55}
}

@inproceedings{wilsonsonsvxanoth,
    author    = {},
    title     = {Wilson, Sons, & Co.v Xanoth (Cargo Owners)},
    booktitle = {Wilson, Sons, & Co.v Xanoth (Cargo Owners)},
    year      = {1887},
    pages     = {section 55}
}

@inproceedings{goolevocean,
    author    = {},
    title     = {Goole and Hull Steam Towing Co. ltd v. Ocean MarineIns. Co. Ltd.},
    booktitle = {Goole and Hull Steam Towing Co. ltd v. Ocean MarineIns. Co. Ltd.},
    year      = {1927},
    pages     = {section 55}
}

@inproceedings{irvinvmanning,
    author    = {},
    title     = {Irving v. Manning},
    booktitle = {Irving v. Manning},
    year      = {1847},
    pages     = {section 55}
}

@article{dung1995,
author = {Phan Minh Dung},
year = {1995}
}

@article{practical_reasoning,
author = {Phan Minh Dung},
year = {2016}
}
